<record><leader>00000cas a22000007a 4500</leader><controlfield tag="001">17994746</controlfield><controlfield tag="008">880524d18861948lauwr ne      0   a0eng d</controlfield><controlfield tag="009">8528</controlfield><datafield ind1=" " ind2=" " tag="010"><subfield code="a">sn 88064454 </subfield></datafield><datafield ind1=" " ind2=" " tag="040"><subfield code="a">LNP</subfield><subfield code="b">eng</subfield><subfield code="c">LNP</subfield><subfield code="d">LNP</subfield><subfield code="d">DLC</subfield><subfield code="d">OCLCF</subfield></datafield><datafield ind1=" " ind2=" " tag="012"><subfield code="l">a</subfield></datafield><datafield ind1="0" ind2=" " tag="022"><subfield code="a">2166-8043</subfield><subfield code="2">1</subfield></datafield><datafield ind1=" " ind2=" " tag="042"><subfield code="a">msc</subfield><subfield code="a">nsdp</subfield></datafield><datafield ind1=" " ind2=" " tag="043"><subfield code="a">n-us-la</subfield></datafield><datafield ind1="0" ind2="0" tag="050"><subfield code="a">Newspaper</subfield></datafield><datafield ind1="1" ind2="0" tag="082"><subfield code="a">071</subfield><subfield code="2">14</subfield></datafield><datafield ind1="0" ind2=" " tag="130"><subfield code="a">Weekly messenger (Saint Martinville, La.)</subfield></datafield><datafield ind1=" " ind2="4" tag="222"><subfield code="a">The weekly messenger (Saint Martinville, La.)</subfield></datafield><datafield ind1="1" ind2="4" tag="245"><subfield code="a">The weekly messenger.</subfield></datafield><datafield ind1=" " ind2=" " tag="260"><subfield code="a">St. Martinsville [i.e. St. Martinville] La. :</subfield><subfield code="b">Eastin &amp; Bienvenu,</subfield><subfield code="c">1886-1948.</subfield></datafield><datafield ind1=" " ind2=" " tag="300"><subfield code="a">v.</subfield></datafield><datafield ind1=" " ind2=" " tag="310"><subfield code="a">Weekly</subfield></datafield><datafield ind1="0" ind2=" " tag="362"><subfield code="a">Vol. 1, no. 4 (Mar. 20, 1886)-v. 63, no. 23 (Sept. 3, 1948).</subfield></datafield><datafield ind1=" " ind2=" " tag="500"><subfield code="a">"Official journal ... towns of St. Martinville and Breaux Bridge, and village of Parks."</subfield></datafield><datafield ind1=" " ind2=" " tag="530"><subfield code="a">Archived issues are available in digital format as part of the Library of Congress Chronicling America online collection.</subfield></datafield><datafield ind1=" " ind2="0" tag="651"><subfield code="a">Saint Martinville (La.)</subfield><subfield code="v">Newspapers.</subfield></datafield><datafield ind1=" " ind2="0" tag="651"><subfield code="a">Breaux Bridge (La.)</subfield><subfield code="v">Newspapers.</subfield></datafield><datafield ind1=" " ind2="0" tag="651"><subfield code="a">Saint Martin Parish (La.)</subfield><subfield code="v">Newspapers.</subfield></datafield><datafield ind1=" " ind2="7" tag="655"><subfield code="a">Newspapers.</subfield><subfield code="2">fast</subfield><subfield code="0">(OCoLC)fst01423814</subfield></datafield><datafield ind1=" " ind2="7" tag="651"><subfield code="a">Louisiana</subfield><subfield code="z">Breaux Bridge.</subfield><subfield code="2">fast</subfield><subfield code="0">(OCoLC)fst01226258</subfield></datafield><datafield ind1=" " ind2="7" tag="651"><subfield code="a">Louisiana</subfield><subfield code="z">Saint Martin Parish.</subfield><subfield code="2">fast</subfield><subfield code="0">(OCoLC)fst01220862</subfield></datafield><datafield ind1=" " ind2="7" tag="651"><subfield code="a">Louisiana</subfield><subfield code="z">Saint Martinville.</subfield><subfield code="2">fast</subfield><subfield code="0">(OCoLC)fst01210549</subfield></datafield><datafield ind1=" " ind2=" " tag="752"><subfield code="a">United States</subfield><subfield code="b">Louisiana</subfield><subfield code="c">Saint Martin</subfield><subfield code="d">Saint Martinville.</subfield></datafield><datafield ind1=" " ind2=" " tag="752"><subfield code="a">United States</subfield><subfield code="b">Louisiana</subfield><subfield code="c">Saint Martin</subfield><subfield code="d">Breaux Bridge.</subfield></datafield><datafield ind1=" " ind2=" " tag="752"><subfield code="a">United States</subfield><subfield code="b">Louisiana</subfield><subfield code="c">Saint Martin</subfield><subfield code="d">Parks.</subfield></datafield><datafield ind1="0" ind2="0" tag="780"><subfield code="t">Messenger (Saint Martinville, La.)</subfield><subfield code="w">(DLC)sn 88064453</subfield><subfield code="w">(OCoLC)17994650</subfield></datafield><datafield ind1="0" ind2="0" tag="785"><subfield code="t">Teche news</subfield><subfield code="w">(DLC)sn 88064455</subfield><subfield code="w">(OCoLC)18008236</subfield></datafield><datafield ind1="4" ind2="1" tag="856"><subfield code="u">http://www.loc.gov/chroniclingamerica/lccn/sn88064454/issues</subfield></datafield></record>